@article{smith1989extreme,
  title={Extreme value analysis of environmental time series: an application to trend detection in ground-level ozone},
  author={Smith, Richard L},
  journal={Statistical Science},
  pages={367--377},
  year={1989},
  publisher={JSTOR}
}

@article{cadavid1991flood,
  title={Flood-frequency derivation from kinematic wave},
  author={Cadavid, Luis and Obeysekera, Jayantha TB and Shen, HW},
  journal={Journal of Hydraulic Engineering},
  volume={117},
  number={4},
  pages={489--510},
  year={1991},
  publisher={American Society of Civil Engineers}
}

@article{haario2001adaptive,
  title={An adaptive Metropolis algorithm},
  author={Haario, Heikki and Saksman, Eero and Tamminen, Johanna and others},
  journal={Bernoulli},
  volume={7},
  number={2},
  pages={223--242},
  year={2001},
  publisher={Bernoulli Society for Mathematical Statistics and Probability}
}

@article{coles2003anticipating,
  title={Anticipating catastrophes through extreme value modelling},
  author={Coles, Stuart and Pericchi, Luis},
  journal={Journal of the Royal Statistical Society: Series C (Applied Statistics)},
  volume={52},
  number={4},
  pages={405--416},
  year={2003},
  publisher={Wiley Online Library}
}

@article{preisler2004probability,
  title={Probability based models for estimation of wildfire risk},
  author={Preisler, Haiganoush K and Brillinger, David R and Burgan, Robert E and Benoit, JW},
  journal={International Journal of wildland fire},
  volume={13},
  number={2},
  pages={133--142},
  year={2004},
  publisher={CSIRO}
}

@article{chavez2005estimating,
  title={Estimating value-at-risk: a point process approach},
  author={Chavez-Demoulin*, Valerie and Davison, Anthony C and McNeil, Alexander J},
  journal={Quantitative Finance},
  volume={5},
  number={2},
  pages={227--234},
  year={2005},
  publisher={Taylor \& Francis}
}

@article{scawthorn2006hazus,
  title={HAZUS-MH flood loss estimation methodology. I: Overview and flood hazard characterization},
  author={Scawthorn, Charles and Blais, Neil and Seligson, Hope and Tate, Eric and Mifflin, Edward and Thomas, Will and Murphy, James and Jones, Christopher},
  journal={Natural Hazards Review},
  volume={7},
  number={2},
  pages={60--71},
  year={2006},
  publisher={American Society of Civil Engineers}
}

@article{alcock2008calibrating,
  title={Calibrating mean-reverting jump diffusion models: an application to the NSW electricity market},
  author={Alcock, Jamie and Goard, JM and Vassallo, Tony},
  year={2008}
}

@incollection{kropp2010extremis,
  booktitle={In extremis: disruptive events and trends in climate and hydrology},
  title = {Case Studies},
  chapter = {8-11},
  pages = {167-244},
  author={Kropp, J{\"u}rgen and Schellnhuber, Hans-Joachim},
  year={2010},
  publisher={Springer Science \& Business Media}
}

@article{eastoe2010statistical,
  title={Statistical models for overdispersion in the frequency of peaks over threshold data for a flow series},
  author={Eastoe, Emma F and Tawn, Jonathan A},
  journal={Water resources research},
  volume={46},
  number={2},
  year={2010},
  publisher={Wiley Online Library}
}

@article{barbier2011pricing,
  title={Pricing nature},
  author={Barbier, Edward B},
  journal={Annu. Rev. Resour. Econ.},
  volume={3},
  number={1},
  pages={337--353},
  year={2011},
  publisher={Annual Reviews}
}

@article{sarri2012statistical,
  title={Statistical emulation of a tsunami model for sensitivity analysis and uncertainty quantification},
  author={Sarri, Andria and Guillas, Serge and Dias, Fr{\'e}d{\'e}ric},
  journal={arXiv preprint arXiv:1203.6297},
  year={2012}
}

@article{friederichs2012forecast,
  title={Forecast verification for extreme value distributions with an application to probabilistic peak wind prediction},
  author={Friederichs, Petra and Thorarinsdottir, Thordis L},
  journal={Environmetrics},
  volume={23},
  number={7},
  pages={579--594},
  year={2012},
  publisher={Wiley Online Library}
}

@article{jongman2012comparative,
  title={Comparative flood damage model assessment: towards a European approach},
  author={Jongman, Brenden and Kreibich, Heidi and Apel, Heiko and Barredo, JI and Bates, PD and Feyen, L and Gericke, A and Neal, Jeffrey and Aerts, JCJH and Ward, PJ},
  journal={Natural Hazards and Earth System Sciences},
  volume={12},
  number={12},
  pages={3733--3752},
  year={2012},
  publisher={Copernicus GmbH}
}

@article{rootzen2013design,
  title={Design life level: quantifying risk in a changing climate},
  author={Rootz{\'e}n, Holger and Katz, Richard W},
  journal={Water Resources Research},
  volume={49},
  number={9},
  pages={5964--5972},
  year={2013},
  publisher={Wiley Online Library}
}

@article{northrop2014improved,
  title={Improved threshold diagnostic plots for extreme value analyses},
  author={Northrop, Paul J and Coleman, Claire L},
  journal={Extremes},
  volume={17},
  number={2},
  pages={289--303},
  year={2014},
  publisher={Springer}
}

@article{mendez2015caracterizacion,
  title={Caracterizaci{\'o}n hidroclimatol{\'o}gica y morfom{\'e}trica de la cuenca del r{\'\i}o San Juli{\'a}n (estado Vargas, Venezuela): aportes para la evaluaci{\'o}n de la amenaza hidrogeomorfol{\'o}gica},
  author={M{\'e}ndez, Williams and Gil, Henry Antonio Pacheco and R{\'\i}os, Scarlet Cartaya and Montilla, Arismar Marcano and Le{\'o}n, Carolina},
  journal={Cuadernos de Geograf{\'\i}a: Revista Colombiana de Geograf{\'\i}a},
  volume={24},
  number={2},
  pages={133--156},
  year={2015},
  publisher={Universidad Nacional de Colombia. Departamento de Geograf{\'\i}a}
}

@article{fischer2015anthropogenic,
  title={Anthropogenic contribution to global occurrence of heavy-precipitation and high-temperature extremes},
  author={Fischer, Erich M and Knutti, Reto},
  journal={Nature Climate Change},
  volume={5},
  number={6},
  pages={560--564},
  year={2015},
  publisher={Nature Publishing Group}
}


@article{seol2015limit,
  title={Limit theorems for discrete Hawkes processes},
  author={Seol, Youngsoo},
  journal={Statistics \& Probability Letters},
  volume={99},
  pages={223--229},
  year={2015},
  publisher={Elsevier}
}

@article{engelke2015estimation,
  title={Estimation of H{\"u}sler--Reiss distributions and Brown--Resnick processes},
  author={Engelke, Sebastian and Malinowski, Alexander and Kabluchko, Zakhar and Schlather, Martin},
  journal={Journal of the Royal Statistical Society: Series B: Statistical Methodology},
  pages={239--265},
  year={2015},
  publisher={JSTOR}
}

@article{naveau2016modeling,
  title={Modeling jointly low, moderate, and heavy rainfall intensities without a threshold selection},
  author={Naveau, Philippe and Huser, Raphael and Ribereau, Pierre and Hannart, Alexis},
  journal={Water Resources Research},
  volume={52},
  number={4},
  pages={2753--2769},
  year={2016},
  publisher={Wiley Online Library}
}

@inproceedings{chiapino2016feature,
  title={Feature clustering for extreme events analysis, with application to extreme stream-flow data},
  author={Chiapino, Ma{\"e}l and Sabourin, Anne},
  booktitle={International Workshop on New Frontiers in Mining Complex Patterns},
  pages={132--147},
  year={2016},
  organization={Springer}
}

@article{gelfand2017bayesian,
  title={Bayesian modeling and analysis of geostatistical data},
  author={Gelfand, Alan E and Banerjee, Sudipto},
  journal={Annual review of statistics and its application},
  volume={4},
  pages={245--266},
  year={2017},
  publisher={Annual Reviews}
}

@article{lerch2017forecaster,
  title={Forecaster's dilemma: Extreme events and forecast evaluation},
  author={Lerch, Sebastian and Thorarinsdottir, Thordis L and Ravazzolo, Francesco and Gneiting, Tilmann},
  journal={Statistical Science},
  pages={106--127},
  year={2017},
  publisher={JSTOR}
}

@incollection{gelfand2017handbook,
  title = {Data Assimilation},
  booktitle={Handbook of environmental and ecological statistics},
  author={Gelfand, Alan E and Fuentes, Montserrat and Hoeting, Jennifer A and Smith, Richard Lyttleton},
  year={2017},
  pages = {133-146}, 
  chapter = {7},
  publisher={CRC Press}
}

@article{goix2017sparse,
  title={Sparse representation of multivariate extremes with applications to anomaly detection},
  author={Goix, Nicolas and Sabourin, Anne and Cl{\'e}men{\c{c}}on, Stephan},
  journal={Journal of Multivariate Analysis},
  volume={161},
  pages={12--31},
  year={2017},
  publisher={Elsevier}
}
@article{illian2017spatial,
  title={Spatial and spatio-temporal point processes in ecological applications},
  author={Illian, Janine B and Gelfand, AE},
  journal={Handbook of environmental and ecological statistics},
  pages={97--132},
  year={2017}
}

@article{rue2017bayesian,
  title={Bayesian computing with INLA: a review},
  author={Rue, H{\aa}vard and Riebler, Andrea and S{\o}rbye, Sigrunn H and Illian, Janine B and Simpson, Daniel P and Lindgren, Finn K},
  journal={Annual Review of Statistics and Its Application},
  volume={4},
  pages={395--421},
  year={2017},
  publisher={Annual Reviews}
}

@article{ruiter2017comparison,
  title={A comparison of flood and earthquake vulnerability assessment indicators},
  author={Ruiter, Marleen C de and Ward, Philip J and Daniell, James E and Aerts, Jeroen CJH},
  journal={Natural Hazards and Earth System Sciences},
  volume={17},
  number={7},
  pages={1231--1251},
  year={2017},
  publisher={Copernicus GmbH}
}

@article{winstral2017statistical,
  title={Statistical downscaling of gridded wind speed data using local topography},
  author={Winstral, Adam and Jonas, Tobias and Helbig, Nora},
  journal={Journal of Hydrometeorology},
  volume={18},
  number={2},
  pages={335--348},
  year={2017}
}

@article{barlow2019inference,
  title={Inference for extreme values under threshold-based stopping rules},
  author={Barlow, Anna Maria and Sherlock, Chris and Tawn, Jonathan},
  journal={arXiv preprint arXiv:1901.03151},
  year={2019}
}

@article{gnecco2019causal,
  title={Causal discovery in heavy-tailed models},
  author={Gnecco, Nicola and Meinshausen, Nicolai and Peters, Jonas and Engelke, Sebastian},
  journal={arXiv preprint arXiv:1908.05097},
  year={2019}
}

@article{xi2019statistical,
  title={Statistical models of key components of wildfire risk},
  author={Xi, Dexen DZ and Taylor, Stephen W and Woolford, Douglas G and Dean, CB},
  journal={Annual review of statistics and its application},
  volume={6},
  pages={197--222},
  year={2019},
  publisher={Annual Reviews}
}

@article{castro2019spliced,
  title={A spliced Gamma-Generalized Pareto model for short-term extreme wind speed probabilistic forecasting},
  author={Castro-Camilo, Daniela and Huser, Rapha{\"e}l and Rue, H{\aa}vard},
  journal={Journal of Agricultural, Biological and Environmental Statistics},
  volume={24},
  number={3},
  pages={517--534},
  year={2019},
  publisher={Springer}
}

@article{pereira2019statistical,
  title={Statistical models of vegetation fires: Spatial and temporal patterns},
  author={Pereira, J and Turkman, K},
  journal={Handbook of Environmental and Ecological Statistics},
  pages={401-425},
  year={2019},
  publisher={CRC Press}
}

@article{jewell2019testing,
  title={Testing for a change in mean after changepoint detection},
  author={Jewell, Sean and Fearnhead, Paul and Witten, Daniela},
  journal={arXiv preprint arXiv:1910.04291},
  year={2019}
}

@article{leinonen2020stochastic,
  title={Stochastic Super-Resolution for Downscaling Time-Evolving Atmospheric Fields With a Generative Adversarial Network},
  author={Leinonen, Jussi and Nerini, Daniele and Berne, Alexis},
  journal={IEEE Transactions on Geoscience and Remote Sensing},
  year={2020},
  publisher={IEEE}
}

@article{jones2020climate,
  title={Climate change increases risk of wildfires},
  author={Jones, Matthew W and Smith, Adam and Betts, Richard and Canadell, Josep G and Prentice, I Colin and Le Qu{\'e}r{\'e}, Corinne},
  journal={ScienceBrief Review},
  volume={116},
  pages={117},
  year={2020}
}

@article{towe2020modelling,
  title={Modelling the clustering of extreme events for short-term risk assessment},
  author={Towe, Ross and Tawn, Jonathan and Eastoe, Emma and Lamb, Rob},
  journal={Journal of Agricultural, Biological and Environmental Statistics},
  volume={25},
  number={1},
  pages={32--53},
  year={2020},
  publisher={Springer}
}

@article{dalmasso2020hect,
  title={HECT: High-Dimensional Ensemble Consistency Testing for Climate Models},
  author={Dalmasso, Niccol{\`o} and Vincent, Galen and Hammerling, Dorit and Lee, Ann B},
  journal={arXiv preprint arXiv:2010.04051},
  year={2020}
}

@article{engelke2020sparse,
  title={Sparse Structures for Multivariate Extremes},
  author={Engelke, Sebastian and Ivanovs, Jevgenijs},
  journal={arXiv preprint arXiv:2004.12182},
  year={2020}
  }
  
  @article{naveau2020statistical,
  title={Statistical methods for extreme event attribution in climate science},
  author={Naveau, Philippe and Hannart, Alexis and Ribes, Aur{\'e}lien},
  journal={Annual Review of Statistics and Its Application},
  volume={7},
  pages={89--110},
  year={2020},
  publisher={Annual Reviews}
}

@article{de2020functional,
  title={Functional peaks-over-threshold analysis},
  author={de Fondeville, Rapha{\"e}l and Davison, Anthony C},
  journal={arXiv preprint arXiv:2002.02711},
  year={2020}
}

@article{simpson2020determining,
  title={Determining the dependence structure of multivariate extremes},
  author={Simpson, Emma S and Wadsworth, Jennifer L and Tawn, Jonathan A},
  journal={Biometrika},
  volume={107},
  number={3},
  pages={513--532},
  year={2020},
  publisher={Oxford University Press}
}

@article{hohlein2020comparative,
  title={A comparative study of convolutional neural network models for wind field downscaling},
  author={H{\"o}hlein, Kevin and Kern, Michael and Hewson, Timothy and Westermann, R{\"u}diger},
  journal={Meteorological Applications},
  volume={27},
  number={6},
  pages={e1961},
  year={2020},
  publisher={Wiley Online Library}
}

@misc{nerini2020prob,
    title = {Probabilistic Deep Learning for Postprocessing Wind Forecasts in Complex Terrain},
    year={2020},
    author={Nerini, Daniele},
    howpublished = {\url{https://vimeo.com/465719202}}
}

@article{ramon2021perfect,
  title={A perfect prognosis downscaling methodology for seasonal prediction of local-scale wind speeds},
  author={Ramon, Jaume and Lled{\'o}, Lloren{\c{c}} and Bretonni{\`e}re, Pierre-Antoine and Sams{\'o}, Margarida and Doblas-Reyes, Francisco J},
  journal={Environmental Research Letters},
  volume={16},
  number={5},
  pages={054010},
  year={2021},
  publisher={IOP Publishing}
}

@article{varty2021inference,
  title={Inference for extreme earthquake magnitudes accounting for a time-varying measurement process},
  author={Varty, Zak and Tawn, Jonathan A and Atkinson, Peter M and Bierman, Stijn},
  journal={arXiv preprint arXiv:2102.00884},
  year={2021}
}

@article{cressie2021basis,
  title={Basis-Function Models in Spatial Statistics},
  author={Cressie, Noel and Sainsbury-Dale, Matthew and Zammit-Mangion, Andrew},
  journal={Annual review of statistics and its application},
  volume={},
  pages={1--27},
  year={2021},
  publisher={Annual Reviews}
}